@misc{ src:pathmind,
    author      = {Chris Nicholson},
    title       = {A Beginner's Guide to Restricted Boltzmann Machines (RBMs)},
    note        = {\url{https://wiki.pathmind.com/restricted-boltzmann-machine?fbclid=IwAR1uHntmV9zlrQpzV4oAaVA-YAKqhYI2QqGMz5okp5FtT49ZKezXwvnAE3E}}
}

@misc{ src:echen,
  author        = {Edwin Chen},
  title         = {Introduction to Restricted Boltzmann Machines},
  note          = {\url{http://blog.echen.me/2011/07/18/introduction-to-restricted-boltzmann-machines/?fbclid=IwAR1jPRGT3pFLPpI31-Ixl_cEs4vXQqD43n1gqGfjN089XGQA1gz98jAoEX0}}
}

@misc{ src:latenview,
  author        = {Prerna Sodani},
  title         = {Restricted Boltzmann Machine and Its Application},
  note          = {\url{https://www.latentview.com/blog/restricted-boltzmann-machine-and-its-application/}}
}